% Bibliography of key references for "LaTeX for Thesis and Large Documents"
% For use with BibTeX

@article{zimmermann2005mining,
  title={Mining version histories to guide software changes},
  author={Zimmermann, Thomas and Zeller, Andreas and Weissgerber, Peter and Diehl, Stephan},
  journal={Software Engineering, IEEE Transactions on},
  volume={31},
  number={6},
  pages={429--445},
  year={2005},
  publisher={IEEE}
}

@article{ying2004predicting,
  title={Predicting source code changes by mining change history},
  author={Ying, Annie TT and Murphy, Gail C and Ng, Raymond and Chu-Carroll, Mark C},
  journal={Software Engineering, IEEE Transactions on},
  volume={30},
  number={9},
  pages={574--586},
  year={2004},
  publisher={IEEE}
}

